@article{originalNEAT,
  title={Evolving neural networks through augmenting topologies},
  author={Stanley, Kenneth O and Miikkulainen, Risto},
  journal={Evolutionary computation},
  volume={10},
  number={2},
  pages={99--127},
  year={2002},
  publisher={MIT Press}
}
@article{originalHyperNEAT,
  title={A hypercube-based encoding for evolving large-scale neural networks},
  author={Stanley, Kenneth O and D'Ambrosio, David B and Gauci, Jason},
  journal={Artificial life},
  volume={15},
  number={2},
  pages={185--212},
  year={2009},
  publisher={MIT Press}
}
@inproceedings{parallelNEAT-hardware,
  title={Towards hardware acceleration of neuroevolution for multimedia processing applications on mobile devices},
  author={Larkin, Daniel and Kinane, Andrew and Oâ€™Connor, Noel},
  booktitle={International Conference on Neural Information Processing},
  pages={1178--1188},
  year={2006},
  organization={Springer}
}
@inproceedings{NEAT-Hardware-IEEE,
  title={GeneSys: Enabling Continuous Learning through Neural Network Evolution in Hardware},
  author={Samajdar, Ananda and Mannan, Parth and Garg, Kartikay and Krishna, Tushar},
  booktitle={2018 51st Annual IEEE/ACM International Symposium on Microarchitecture (MICRO)},
  pages={855--866},
  year={2018},
  organization={IEEE}
}
@article{GA-GPU-Comparison,
  title={Deep neuroevolution: Genetic algorithms are a competitive alternative for training deep neural networks for reinforcement learning},
  author={Such, Felipe Petroski and Madhavan, Vashisht and Conti, Edoardo and Lehman, Joel and Stanley, Kenneth O and Clune, Jeff},
  journal={arXiv preprint arXiv:1712.06567},
  year={2017}
}

#------------ Not directly relevant ------------
@article{DeepImageClassificationReview,
  title={Deep convolutional neural networks for image classification: A comprehensive review},
  author={Rawat, Waseem and Wang, Zenghui},
  journal={Neural computation},
  volume={29},
  number={9},
  pages={2352--2449},
  year={2017},
  publisher={MIT Press}
}
@article{NLPReview,
  title={Jumping NLP curves: A review of natural language processing research},
  author={Cambria, Erik and White, Bebo},
  journal={IEEE Computational intelligence magazine},
  volume={9},
  number={2},
  pages={48--57},
  year={2014},
  publisher={IEEE}
}
@inproceedings{DeepRlforMotorControl,
  title={Benchmarking deep reinforcement learning for continuous control},
  author={Duan, Yan and Chen, Xi and Houthooft, Rein and Schulman, John and Abbeel, Pieter},
  booktitle={International Conference on Machine Learning},
  pages={1329--1338},
  year={2016}
}
@inproceedings{NEDefenitionMiikkulainen,
  title={Solving non-Markovian control tasks with neuroevolution},
  author={Gomez, Faustino J and Miikkulainen, Risto},
  booktitle={IJCAI},
  volume={99},
  pages={1356--1361},
  year={1999}
}
@inproceedings{ExplodingAndVanishingGradients,
  title={Which Neural Net Architectures Give Rise to Exploding and Vanishing Gradients?},
  author={Hanin, Boris},
  booktitle={Advances in Neural Information Processing Systems},
  pages={582--591},
  year={2018}
}
@article{OtherNESample1,
  title={Probabilistic neural-network structure determination for pattern classification},
  author={Mao, Ke Zhi and Tan, K-C and Ser, Wee},
  journal={IEEE Transactions on neural networks},
  volume={11},
  number={4},
  pages={1009--1016},
  year={2000},
  publisher={IEEE}
}
@article{GA-GPU-Review,
  title={Accelerating genetic algorithms with GPU computing: A selective overview},
  author={Cheng, John Runwei and Gen, Mitsuo},
  journal={Computers \& Industrial Engineering},
  volume={128},
  pages={514--525},
  year={2019},
  publisher={Elsevier}
}
@article{ExploreVsExploit,
  title={An overview of genetic algorithms: Part 1, fundamentals},
  author={Beasley, David and Bull, David R and Martin, Ralph Robert},
  journal={University computing},
  volume={15},
  number={2},
  pages={56--69},
  year={1993}
}
@inproceedings{LeaderElection1,
  title={Stable leader election},
  author={Aguilera, Marcos K and Delporte-Gallet, Carole and Fauconnier, Hugues and Toueg, Sam},
  booktitle={International Symposium on Distributed Computing},
  pages={108--122},
  year={2001},
  organization={Springer}
}
@inproceedings{LeaderElection2,
  title={Scalable leader election},
  author={King, Valerie and Saia, Jared and Sanwalani, Vishal and Vee, Erik},
  booktitle={Proceedings of the seventeenth annual ACM-SIAM symposium on Discrete algorithm},
  pages={990--999},
  year={2006},
  organization={Society for Industrial and Applied Mathematics}
}
